[gd_scene load_steps=9 format=2]

[ext_resource path="res://Elements/Boom_Sound.gd" type="Script" id=1]
[ext_resource path="res://Art/Explosion.png" type="Texture2D" id=2]
[ext_resource path="res://Sound/Boom_4.wav" type="AudioStream" id=3]
[ext_resource path="res://Art/Explosion1.png" type="Texture2D" id=4]
[ext_resource path="res://Art/Explosion2.png" type="Texture2D" id=5]
[ext_resource path="res://Art/Explosion3.png" type="Texture2D" id=6]
[ext_resource path="res://Art/Explosion4.png" type="Texture2D" id=7]

[sub_resource type="SpriteFrames" id=1]
animations = [ {
"frames": [ ExtResource( 4 ), ExtResource( 5 ), ExtResource( 6 ), ExtResource( 7 ) ],
"loop": true,
"name": "default",
"speed": 10.0
} ]

[node name="Boom_Sound" type="Node2D"]
script = ExtResource( 1 )

[node name="AudioStreamPlayer" type="AudioStreamPlayer" parent="."]
stream = ExtResource( 3 )
volume_db = -3.0
autoplay = true

[node name="Explosion" type="Sprite2D" parent="."]
modulate = Color( 1, 0.560784, 0, 1 )
scale = Vector2( 3, 3 )
texture = ExtResource( 2 )

[node name="AnimatedSprite2D" type="AnimatedSprite2D" parent="."]
modulate = Color( 1, 0.819608, 0, 1 )
scale = Vector2( 3, 3 )
frames = SubResource( 1 )
frame = 3
playing = true

[connection signal="finished" from="AudioStreamPlayer" to="." method="_on_AudioStreamPlayer_finished"]
[connection signal="animation_finished" from="AnimatedSprite2D" to="." method="_on_AnimatedSprite_animation_finished"]
